[gd_scene load_steps=6 format=2]

[ext_resource path="res://blokoj/komerco/komerco.gd" type="Script" id=1]
[ext_resource path="res://kerno/fenestroj/tipo_d1.tscn" type="PackedScene" id=2]
[ext_resource path="res://blokoj/komerco/komerco_tree.gd" type="Script" id=3]
[ext_resource path="res://kerno/wablono/estonteco/window2.png" type="Texture" id=4]
[ext_resource path="res://kerno/wablono/estonteco/window1.png" type="Texture" id=5]

[node name="komerco" instance=ExtResource( 2 )]
script = ExtResource( 1 )

[node name="VBox" parent="." index="0"]
margin_left = 212.221
margin_top = 95.2276
margin_right = 1012.22
margin_bottom = 695.228
rect_min_size = Vector2( 800, 600 )
custom_constants/separation = 0

[node name="HBox_top" parent="VBox" index="0"]
margin_right = 800.0
margin_bottom = 22.0
custom_constants/separation = 0

[node name="top_texture2" parent="VBox/HBox_top" index="1"]
self_modulate = Color( 0, 0, 0, 0.294118 )
margin_left = 22.0
margin_right = 800.0
margin_bottom = 22.0
rect_min_size = Vector2( 0, 22 )
size_flags_horizontal = 3
texture = ExtResource( 4 )
stretch_mode = 1
flip_h = true

[node name="menuo_name" parent="VBox/HBox_top/top_texture2/HBox_buttons" index="0"]
margin_right = 759.0
text = "Торговая система"

[node name="Button_fix" parent="VBox/HBox_top/top_texture2/HBox_buttons" index="1"]
visible = false
margin_left = 492.0
margin_right = 511.0

[node name="Button_" parent="VBox/HBox_top/top_texture2/HBox_buttons" index="2"]
visible = false
margin_left = 515.0
margin_right = 534.0

[node name="Button_full" parent="VBox/HBox_top/top_texture2/HBox_buttons" index="3"]
visible = false
margin_left = 538.0
margin_right = 558.0

[node name="Button_x" parent="VBox/HBox_top/top_texture2/HBox_buttons" index="4"]
margin_left = 763.0
margin_right = 782.0

[node name="body_texture" parent="VBox" index="1"]
self_modulate = Color( 0, 0, 0, 0.745098 )
margin_top = 22.0
margin_right = 800.0
margin_bottom = 578.0
grow_vertical = 0
size_flags_vertical = 3
texture = ExtResource( 4 )
stretch_mode = 1
flip_v = true

[node name="Tree" type="Tree" parent="VBox/body_texture/HSplit" index="0"]
margin_right = 388.0
margin_bottom = 544.0
size_flags_horizontal = 3
size_flags_vertical = 3
script = ExtResource( 3 )

[node name="TabContainer" type="TabContainer" parent="VBox/body_texture/HSplit" index="1"]
margin_left = 400.0
margin_right = 788.0
margin_bottom = 544.0
size_flags_horizontal = 3
size_flags_vertical = 3

[node name="HBox_bottom" parent="VBox" index="2"]
margin_top = 578.0
margin_right = 800.0
margin_bottom = 600.0
custom_constants/separation = 0

[node name="bottom_texture1" parent="VBox/HBox_bottom" index="0"]
self_modulate = Color( 0, 0, 0, 0.745098 )
margin_right = 778.0
margin_bottom = 22.0
size_flags_horizontal = 3
size_flags_vertical = 3
texture = ExtResource( 4 )
expand = true

[node name="bottom_texture2" parent="VBox/HBox_bottom" index="1"]
self_modulate = Color( 0, 0, 0, 0.745098 )
margin_left = 778.0
margin_right = 800.0
margin_bottom = 22.0
size_flags_horizontal = 9
texture = ExtResource( 5 )
flip_h = true
flip_v = true
