[gd_scene load_steps=8 format=2]

[ext_resource path="res://blokoj/kosmo/scenoj/main_camera.tscn" type="PackedScene" id=4]
[ext_resource path="res://blokoj/kosmo/scenoj/star.tscn" type="PackedScene" id=5]
[ext_resource path="res://blokoj/kosmo/skriptoj/space_ui.gd" type="Script" id=6]
[ext_resource path="res://blokoj/kosmo/skriptoj/http_mutate.gd" type="Script" id=7]
[ext_resource path="res://blokoj/kosmo/skriptoj/space.gd" type="Script" id=8]
[ext_resource path="res://blokoj/kosmo/scenoj/control.tscn" type="PackedScene" id=9]

[sub_resource type="Animation" id=1]
resource_name = "open_scene"
length = 2.0
tracks/0/type = "method"
tracks/0/path = NodePath("loading")
tracks/0/interp = 1
tracks/0/loop_wrap = true
tracks/0/imported = false
tracks/0/enabled = true
tracks/0/keys = {
"times": PoolRealArray( 0, 2 ),
"transitions": PoolRealArray( 1, 1 ),
"values": [ {
"args": [  ],
"method": "show"
}, {
"args": [  ],
"method": "hide"
} ]
}
tracks/1/type = "value"
tracks/1/path = NodePath("loading:color")
tracks/1/interp = 1
tracks/1/loop_wrap = true
tracks/1/imported = false
tracks/1/enabled = true
tracks/1/keys = {
"times": PoolRealArray( 0, 2 ),
"transitions": PoolRealArray( 1, 1 ),
"update": 0,
"values": [ Color( 0, 0, 0, 1 ), Color( 0, 0, 0, 0 ) ]
}
tracks/2/type = "method"
tracks/2/path = NodePath(".")
tracks/2/interp = 1
tracks/2/loop_wrap = true
tracks/2/imported = false
tracks/2/enabled = true
tracks/2/keys = {
"times": PoolRealArray( 0, 2 ),
"transitions": PoolRealArray( 1, 1 ),
"values": [ {
"args": [  ],
"method": "show"
}, {
"args": [  ],
"method": "hide"
} ]
}

[node name="space" type="Spatial"]
script = ExtResource( 8 )

[node name="http_mutate" type="HTTPRequest" parent="."]
script = ExtResource( 7 )

[node name="http_projekto" type="HTTPRequest" parent="."]

[node name="http_taskoj" type="HTTPRequest" parent="."]

[node name="http_tasko" type="HTTPRequest" parent="."]

[node name="http_posedanto" type="HTTPRequest" parent="."]

[node name="http_finado" type="HTTPRequest" parent="."]

[node name="camera" parent="." instance=ExtResource( 4 )]
transform = Transform( 1, 0, 0, 0, 1, 0, 0, 0, 1, 0, 0, 151.894 )
distance_min = 0

[node name="star" parent="." instance=ExtResource( 5 )]

[node name="Control" parent="." instance=ExtResource( 9 )]
mouse_filter = 2

[node name="timer" type="Timer" parent="."]
wait_time = 10.0

[node name="ui" type="Control" parent="."]
anchor_right = 1.0
anchor_bottom = 1.0
mouse_filter = 2
script = ExtResource( 6 )
__meta__ = {
"_edit_lock_": true,
"_edit_use_anchors_": false
}

[node name="loading" type="ColorRect" parent="ui"]
anchor_right = 1.0
anchor_bottom = 1.0
color = Color( 0, 0, 0, 1 )
__meta__ = {
"_edit_use_anchors_": false
}

[node name="AnimationPlayer" type="AnimationPlayer" parent="ui"]
anims/open_scene = SubResource( 1 )
[connection signal="load_objektoj" from="." to="." method="_on_space_load_objektoj"]
[connection signal="tree_exiting" from="." to="." method="_on_space_tree_exiting"]
[connection signal="request_completed" from="http_mutate" to="http_mutate" method="_on_http_mutate_request_completed"]
[connection signal="request_completed" from="http_projekto" to="." method="_on_http_projekto_request_completed"]
[connection signal="request_completed" from="http_taskoj" to="." method="_on_http_taskoj_request_completed"]
[connection signal="request_completed" from="http_tasko" to="." method="_on_http_tasko_request_completed"]
[connection signal="request_completed" from="http_posedanto" to="." method="_on_http_posedanto_request_completed"]
[connection signal="request_completed" from="http_finado" to="." method="_on_http_finado_request_completed"]
[connection signal="timeout" from="timer" to="." method="_on_Timer_timeout"]
