[gd_scene load_steps=4 format=2]

[ext_resource path="res://kerno/wablono/estonteco/window1.png" type="Texture" id=1]
[ext_resource path="res://kerno/wablono/estonteco/fenestroj.gd" type="Script" id=2]
[ext_resource path="res://kerno/wablono/estonteco/window2.png" type="Texture" id=3]

[node name="fenestroj" type="Control"]
mouse_filter = 2
script = ExtResource( 2 )
__meta__ = {
"_edit_lock_": true,
"_edit_use_anchors_": false
}

[node name="VBox" type="VBoxContainer" parent="."]
margin_right = 200.0
margin_bottom = 200.0
rect_min_size = Vector2( 200, 200 )
custom_constants/separation = 0
__meta__ = {
"_edit_lock_": true,
"_edit_use_anchors_": false
}

[node name="HBox_top" type="HBoxContainer" parent="VBox"]
margin_right = 200.0
margin_bottom = 22.0
custom_constants/separation = 0
__meta__ = {
"_edit_lock_": true
}

[node name="top_texture1" type="TextureRect" parent="VBox/HBox_top"]
self_modulate = Color( 0, 0, 0, 0.294118 )
margin_right = 22.0
margin_bottom = 22.0
texture = ExtResource( 1 )
stretch_mode = 1
__meta__ = {
"_edit_lock_": true
}

[node name="frame1" type="TextureRect" parent="VBox/HBox_top/top_texture1"]
self_modulate = Color( 0.247059, 0.25098, 0.321569, 1 )
anchor_right = 0.995
anchor_bottom = 1.005
margin_left = 21.0
margin_top = -1.0
margin_right = 0.110001
margin_bottom = 7.89
rect_rotation = 45.0
texture = ExtResource( 3 )
expand = true
__meta__ = {
"_edit_lock_": true,
"_edit_use_anchors_": false
}

[node name="top_texture2" type="TextureRect" parent="VBox/HBox_top"]
self_modulate = Color( 0, 0, 0, 0.294118 )
margin_left = 22.0
margin_right = 200.0
margin_bottom = 22.0
rect_min_size = Vector2( 0, 22 )
size_flags_horizontal = 3
texture = ExtResource( 3 )
stretch_mode = 1
flip_h = true
__meta__ = {
"_edit_lock_": true
}

[node name="frame2" type="TextureRect" parent="VBox/HBox_top/top_texture2"]
self_modulate = Color( 0.247059, 0.25098, 0.321569, 1 )
anchor_right = 1.0
margin_left = -1.0
margin_top = -1.0
margin_right = 1.0
texture = ExtResource( 3 )
expand = true
__meta__ = {
"_edit_lock_": true,
"_edit_use_anchors_": false
}

[node name="body_texture" type="TextureRect" parent="VBox"]
self_modulate = Color( 0, 0, 0, 0.745098 )
margin_top = 22.0
margin_right = 200.0
margin_bottom = 178.0
grow_vertical = 0
size_flags_vertical = 3
texture = ExtResource( 3 )
stretch_mode = 1
flip_v = true
__meta__ = {
"_edit_lock_": true,
"_edit_use_anchors_": false
}

[node name="frame3" type="TextureRect" parent="VBox/body_texture"]
self_modulate = Color( 0.247059, 0.25098, 0.321569, 1 )
anchor_top = -0.001
anchor_bottom = 1.0
margin_left = -1.0
margin_top = -0.844
margin_bottom = 22.0
texture = ExtResource( 3 )
expand = true
stretch_mode = 1
__meta__ = {
"_edit_lock_": true,
"_edit_use_anchors_": false
}

[node name="frame4" type="TextureRect" parent="VBox/body_texture"]
self_modulate = Color( 0.247059, 0.25098, 0.321569, 1 )
anchor_left = 1.0
anchor_right = 1.0
anchor_bottom = 1.0
margin_top = -22.0
margin_right = 1.0
texture = ExtResource( 3 )
expand = true
stretch_mode = 1
__meta__ = {
"_edit_lock_": true,
"_edit_use_anchors_": false
}

[node name="HBox_bottom" type="HBoxContainer" parent="VBox"]
show_behind_parent = true
margin_top = 178.0
margin_right = 200.0
margin_bottom = 200.0
custom_constants/separation = 0
__meta__ = {
"_edit_lock_": true
}

[node name="bottom_texture1" type="TextureRect" parent="VBox/HBox_bottom"]
self_modulate = Color( 0, 0, 0, 0.745098 )
margin_right = 178.0
margin_bottom = 22.0
size_flags_horizontal = 3
size_flags_vertical = 3
texture = ExtResource( 3 )
expand = true
__meta__ = {
"_edit_lock_": true
}

[node name="frame5" type="TextureRect" parent="VBox/HBox_bottom/bottom_texture1"]
self_modulate = Color( 0.247059, 0.25098, 0.321569, 1 )
anchor_top = 1.0
anchor_right = 1.002
anchor_bottom = 1.0
margin_left = -1.0
margin_right = -0.356018
margin_bottom = 1.0
texture = ExtResource( 3 )
expand = true
__meta__ = {
"_edit_lock_": true,
"_edit_use_anchors_": false
}

[node name="bottom_texture2" type="TextureRect" parent="VBox/HBox_bottom"]
self_modulate = Color( 0, 0, 0, 0.745098 )
margin_left = 178.0
margin_right = 200.0
margin_bottom = 22.0
size_flags_horizontal = 9
texture = ExtResource( 1 )
flip_h = true
flip_v = true
__meta__ = {
"_edit_lock_": true
}

[node name="frame6" type="TextureRect" parent="VBox/HBox_bottom/bottom_texture2"]
self_modulate = Color( 0.247059, 0.25098, 0.321569, 1 )
anchor_right = 0.995
anchor_bottom = 1.005
margin_left = 22.0
margin_right = 1.11
margin_bottom = 9.39
rect_rotation = 45.0
texture = ExtResource( 3 )
expand = true
__meta__ = {
"_edit_lock_": true,
"_edit_use_anchors_": false
}
