[gd_scene load_steps=6 format=2]

[ext_resource path="res://blokoj/kosmo/resursoj/space station.obj" type="ArrayMesh" id=1]
[ext_resource path="res://blokoj/kosmo/scenoj/tactical_label.tscn" type="PackedScene" id=2]
[ext_resource path="res://blokoj/kosmo/skriptoj/space_object.gd" type="Script" id=3]

[sub_resource type="SpatialMaterial" id=1]
metallic = 0.53
emission_enabled = true
emission = Color( 0, 0, 0, 1 )
emission_energy = 1.0
emission_operator = 0
emission_on_uv2 = false

[sub_resource type="BoxShape" id=2]
extents = Vector3( 43.0109, 32.3148, 36.7482 )

[node name="space_object" type="MeshInstance"]
transform = Transform( 10, 0, 0, 0, 10, 0, 0, 0, 10, 0, 10.01, 0 )
mesh = ExtResource( 1 )
material/0 = SubResource( 1 )
material/1 = null
script = ExtResource( 3 )

[node name="tactical_label" parent="." instance=ExtResource( 2 )]
transform = Transform( 1, 0, 0, 0, 1, 0, 0, 0, 1, 1.91048, -0.313731, 0 )

[node name="Area" type="Area" parent="."]
transform = Transform( 0.1, 0, 0, 0, 0.1, 0, 0, 0, 0.1, 0, 1.5532, 0.216571 )

[node name="CollisionShape" type="CollisionShape" parent="Area"]
transform = Transform( 1, 0, 0, 0, 1, 0, 0, 0, 1, 0.145429, 8.51342, 0 )
shape = SubResource( 2 )

[node name="menu" type="WindowDialog" parent="."]
margin_left = 846.0
margin_top = 133.0
margin_right = 1021.0
margin_bottom = 508.0
__meta__ = {
"_edit_use_anchors_": false
}

[node name="RichTextLabel" type="RichTextLabel" parent="menu"]
margin_left = 25.0231
margin_top = 17.239
margin_right = 161.023
margin_bottom = 340.239
bbcode_text = "space_station_menu"
text = "space_station_menu"
__meta__ = {
"_edit_use_anchors_": false
}
[connection signal="input_event" from="Area" to="." method="_on_Area_input_event"]
[connection signal="mouse_entered" from="Area" to="." method="_on_Area_mouse_entered"]
[connection signal="mouse_exited" from="Area" to="." method="_on_Area_mouse_exited"]
