[gd_scene load_steps=3 format=2]

[ext_resource path="res://kerno/wablono/estonteco/fenestroj.tscn" type="PackedScene" id=1]
[ext_resource path="res://kerno/fenestroj/tipo_a1.gd" type="Script" id=2]

[node name="tipo_a1" instance=ExtResource( 1 )]
script = ExtResource( 2 )

[node name="VBox" parent="." index="0"]
mouse_default_cursor_shape = 6

[node name="top_texture2" parent="VBox/HBox_top" index="1"]
show_behind_parent = true

[node name="HBox_buttons" type="HBoxContainer" parent="VBox/HBox_top/top_texture2" index="0"]
anchor_top = 0.523
anchor_right = 1.00562
anchor_bottom = 0.523
margin_left = 1.86265e-09
margin_top = -11.506
margin_right = -1.0
margin_bottom = 11.494
alignment = 2
__meta__ = {
"_edit_use_anchors_": true
}

[node name="menuo_name" type="Label" parent="VBox/HBox_top/top_texture2/HBox_buttons" index="0"]
margin_top = 3.0
margin_right = 85.0
margin_bottom = 20.0
size_flags_horizontal = 3
text = "tipo_a1"
align = 1
clip_text = true

[node name="Button_fix" type="Button" parent="VBox/HBox_top/top_texture2/HBox_buttons" index="1"]
margin_left = 89.0
margin_right = 108.0
margin_bottom = 23.0
rect_min_size = Vector2( 19, 23 )
size_flags_horizontal = 8
text = "v"
__meta__ = {
"_edit_use_anchors_": false
}

[node name="Button_" type="Button" parent="VBox/HBox_top/top_texture2/HBox_buttons" index="2"]
margin_left = 112.0
margin_right = 131.0
margin_bottom = 23.0
rect_min_size = Vector2( 19, 23 )
size_flags_horizontal = 8
text = "_"
__meta__ = {
"_edit_use_anchors_": false
}

[node name="Button_full" type="Button" parent="VBox/HBox_top/top_texture2/HBox_buttons" index="3"]
margin_left = 135.0
margin_right = 155.0
margin_bottom = 23.0
rect_min_size = Vector2( 19, 23 )
size_flags_horizontal = 8
text = "="
__meta__ = {
"_edit_use_anchors_": false
}

[node name="Button_x" type="Button" parent="VBox/HBox_top/top_texture2/HBox_buttons" index="4"]
margin_left = 159.0
margin_right = 178.0
margin_bottom = 23.0
rect_min_size = Vector2( 19, 23 )
size_flags_horizontal = 8
text = "x"
__meta__ = {
"_edit_use_anchors_": false
}

[node name="resize_control" type="Control" parent="VBox/body_texture" index="0"]
anchor_right = 1.0
anchor_bottom = 1.0
margin_left = -4.0
margin_top = 2.0
margin_right = 5.0
margin_bottom = 26.0
mouse_default_cursor_shape = 12
__meta__ = {
"_edit_use_anchors_": false
}
[connection signal="gui_input" from="VBox" to="." method="_drag"]
[connection signal="button_up" from="VBox/HBox_top/top_texture2/HBox_buttons/Button_fix" to="." method="_on_Button_fix_button_up"]
[connection signal="button_up" from="VBox/HBox_top/top_texture2/HBox_buttons/Button_" to="." method="_on_Button__button_up"]
[connection signal="button_up" from="VBox/HBox_top/top_texture2/HBox_buttons/Button_full" to="." method="_on_Button_full_button_up"]
[connection signal="button_up" from="VBox/HBox_top/top_texture2/HBox_buttons/Button_x" to="." method="_on_Button_x_button_up"]
[connection signal="gui_input" from="VBox/body_texture/resize_control" to="." method="_on_resize_"]
